%YAML 1.1
%TAG !u! tag:unity3d.com,2011:
--- !u!1 &858968928494717825
GameObject:
  m_ObjectHideFlags: 0
  m_CorrespondingSourceObject: {fileID: 0}
  m_PrefabInstance: {fileID: 0}
  m_PrefabAsset: {fileID: 0}
  serializedVersion: 6
  m_Component:
  - component: {fileID: 858968928494360481}
  m_Layer: 0
  m_Name: mixamorig:LeftHandIndex4_end
  m_TagString: Untagged
  m_Icon: {fileID: 0}
  m_NavMeshLayer: 0
  m_StaticEditorFlags: 0
  m_IsActive: 1
--- !u!4 &858968928494360481
Transform:
  m_ObjectHideFlags: 0
  m_CorrespondingSourceObject: {fileID: 0}
  m_PrefabInstance: {fileID: 0}
  m_PrefabAsset: {fileID: 0}
  m_GameObject: {fileID: 858968928494717825}
  m_LocalRotation: {x: 0, y: -0, z: -0, w: 1}
  m_LocalPosition: {x: -0, y: 0.09936954, z: 0}
  m_LocalScale: {x: 1, y: 1, z: 1}
  m_Children: []
  m_Father: {fileID: 858968928494360487}
  m_RootOrder: 0
  m_LocalEulerAnglesHint: {x: 0, y: 0, z: 0}
--- !u!1 &858968928494717827
GameObject:
  m_ObjectHideFlags: 0
  m_CorrespondingSourceObject: {fileID: 0}
  m_PrefabInstance: {fileID: 0}
  m_PrefabAsset: {fileID: 0}
  serializedVersion: 6
  m_Component:
  - component: {fileID: 858968928494360483}
  m_Layer: 0
  m_Name: mixamorig:LeftLeg
  m_TagString: Untagged
  m_Icon: {fileID: 0}
  m_NavMeshLayer: 0
  m_StaticEditorFlags: 0
  m_IsActive: 1
--- !u!4 &858968928494360483
Transform:
  m_ObjectHideFlags: 0
  m_CorrespondingSourceObject: {fileID: 0}
  m_PrefabInstance: {fileID: 0}
  m_PrefabAsset: {fileID: 0}
  m_GameObject: {fileID: 858968928494717827}
  m_LocalRotation: {x: -0.6345049, y: -0.14120832, z: 0.0050903605, w: 0.7598933}
  m_LocalPosition: {x: -0.000000057220458, y: 0.96229124, z: -0.000000114440915}
  m_LocalScale: {x: 1.0000001, y: 1, z: 0.99999994}
  m_Children:
  - {fileID: 858968928494360499}
  m_Father: {fileID: 858968928494360469}
  m_RootOrder: 0
  m_LocalEulerAnglesHint: {x: -25.255177, y: 12.228145, z: -10.8554125}
--- !u!1 &858968928494717829
GameObject:
  m_ObjectHideFlags: 0
  m_CorrespondingSourceObject: {fileID: 0}
  m_PrefabInstance: {fileID: 0}
  m_PrefabAsset: {fileID: 0}
  serializedVersion: 6
  m_Component:
  - component: {fileID: 858968928494360485}
  m_Layer: 0
  m_Name: mixamorig:LeftHandIndex3
  m_TagString: Untagged
  m_Icon: {fileID: 0}
  m_NavMeshLayer: 0
  m_StaticEditorFlags: 0
  m_IsActive: 1
--- !u!4 &858968928494360485
Transform:
  m_ObjectHideFlags: 0
  m_CorrespondingSourceObject: {fileID: 0}
  m_PrefabInstance: {fileID: 0}
  m_PrefabAsset: {fileID: 0}
  m_GameObject: {fileID: 858968928494717829}
  m_LocalRotation: {x: -0.017235328, y: 0.05370265, z: 0.07682767, w: 0.9954479}
  m_LocalPosition: {x: -0.001097865, y: 0.19694652, z: -0.13913423}
  m_LocalScale: {x: 1, y: 1, z: 0.99999994}
  m_Children:
  - {fileID: 858968928494360487}
  m_Father: {fileID: 858968928494360491}
  m_RootOrder: 0
  m_LocalEulerAnglesHint: {x: -2.5630653, y: 6.268025, z: 9.089543}
--- !u!1 &858968928494717831
GameObject:
  m_ObjectHideFlags: 0
  m_CorrespondingSourceObject: {fileID: 0}
  m_PrefabInstance: {fileID: 0}
  m_PrefabAsset: {fileID: 0}
  serializedVersion: 6
  m_Component:
  - component: {fileID: 858968928494360487}
  m_Layer: 0
  m_Name: mixamorig:LeftHandIndex4
  m_TagString: Untagged
  m_Icon: {fileID: 0}
  m_NavMeshLayer: 0
  m_StaticEditorFlags: 0
  m_IsActive: 1
--- !u!4 &858968928494360487
Transform:
  m_ObjectHideFlags: 0
  m_CorrespondingSourceObject: {fileID: 0}
  m_PrefabInstance: {fileID: 0}
  m_PrefabAsset: {fileID: 0}
  m_GameObject: {fileID: 858968928494717831}
  m_LocalRotation: {x: 0.00000004004687, y: 0.000000056927096, z: 0.000000039115548,
    w: 1}
  m_LocalPosition: {x: 0.03316268, y: 0.080319986, z: -0.04819938}
  m_LocalScale: {x: 1, y: 1.0000001, z: 1}
  m_Children:
  - {fileID: 858968928494360481}
  m_Father: {fileID: 858968928494360485}
  m_RootOrder: 0
  m_LocalEulerAnglesHint: {x: 0.0000029361722, y: 0.0000045758547, z: 0.000002478588}
--- !u!1 &858968928494717833
GameObject:
  m_ObjectHideFlags: 0
  m_CorrespondingSourceObject: {fileID: 0}
  m_PrefabInstance: {fileID: 0}
  m_PrefabAsset: {fileID: 0}
  serializedVersion: 6
  m_Component:
  - component: {fileID: 858968928494360489}
  m_Layer: 0
  m_Name: mixamorig:LeftHandIndex1
  m_TagString: Untagged
  m_Icon: {fileID: 0}
  m_NavMeshLayer: 0
  m_StaticEditorFlags: 0
  m_IsActive: 1
--- !u!4 &858968928494360489
Transform:
  m_ObjectHideFlags: 0
  m_CorrespondingSourceObject: {fileID: 0}
  m_PrefabInstance: {fileID: 0}
  m_PrefabAsset: {fileID: 0}
  m_GameObject: {fileID: 858968928494717833}
  m_LocalRotation: {x: -0.12919615, y: 0.99022096, z: -0.035741415, w: 0.038644988}
  m_LocalPosition: {x: -0.000000076293944, y: 0.22927032, z: -0.0000003814697}
  m_LocalScale: {x: 1, y: 1.0000002, z: 1}
  m_Children:
  - {fileID: 858968928494360491}
  m_Father: {fileID: 858968928494360495}
  m_RootOrder: 0
  m_LocalEulerAnglesHint: {x: 3.9084408, y: 175.28137, z: -16.45079}
--- !u!1 &858968928494717835
GameObject:
  m_ObjectHideFlags: 0
  m_CorrespondingSourceObject: {fileID: 0}
  m_PrefabInstance: {fileID: 0}
  m_PrefabAsset: {fileID: 0}
  serializedVersion: 6
  m_Component:
  - component: {fileID: 858968928494360491}
  m_Layer: 0
  m_Name: mixamorig:LeftHandIndex2
  m_TagString: Untagged
  m_Icon: {fileID: 0}
  m_NavMeshLayer: 0
  m_StaticEditorFlags: 0
  m_IsActive: 1
--- !u!4 &858968928494360491
Transform:
  m_ObjectHideFlags: 0
  m_CorrespondingSourceObject: {fileID: 0}
  m_PrefabInstance: {fileID: 0}
  m_PrefabAsset: {fileID: 0}
  m_GameObject: {fileID: 858968928494717835}
  m_LocalRotation: {x: 0.33386022, y: -0.047347926, z: -0.15171795, w: 0.92912716}
  m_LocalPosition: {x: -0.00000015258789, y: 0.15094161, z: 0}
  m_LocalScale: {x: 1, y: 1.0000001, z: 1.0000001}
  m_Children:
  - {fileID: 858968928494360485}
  m_Father: {fileID: 858968928494360489}
  m_RootOrder: 0
  m_LocalEulerAnglesHint: {x: 37.392803, y: -12.511391, z: -21.138123}
--- !u!1 &858968928494717837
GameObject:
  m_ObjectHideFlags: 0
  m_CorrespondingSourceObject: {fileID: 0}
  m_PrefabInstance: {fileID: 0}
  m_PrefabAsset: {fileID: 0}
  serializedVersion: 6
  m_Component:
  - component: {fileID: 858968928494360493}
  m_Layer: 0
  m_Name: mixamorig:LeftForeArm
  m_TagString: Untagged
  m_Icon: {fileID: 0}
  m_NavMeshLayer: 0
  m_StaticEditorFlags: 0
  m_IsActive: 1
--- !u!4 &858968928494360493
Transform:
  m_ObjectHideFlags: 0
  m_CorrespondingSourceObject: {fileID: 0}
  m_PrefabInstance: {fileID: 0}
  m_PrefabAsset: {fileID: 0}
  m_GameObject: {fileID: 858968928494717837}
  m_LocalRotation: {x: 0.012789478, y: 0.00008920864, z: -0.7031872, w: 0.7108897}
  m_LocalPosition: {x: 0.000000009536743, y: 0.85383266, z: 0}
  m_LocalScale: {x: 1.0000001, y: 0.99999994, z: 0.9999998}
  m_Children:
  - {fileID: 858968928494360495}
  m_Father: {fileID: 858968928494360497}
  m_RootOrder: 0
  m_LocalEulerAnglesHint: {x: 0.49990362, y: -0.10644589, z: -28.274277}
--- !u!1 &858968928494717839
GameObject:
  m_ObjectHideFlags: 0
  m_CorrespondingSourceObject: {fileID: 0}
  m_PrefabInstance: {fileID: 0}
  m_PrefabAsset: {fileID: 0}
  serializedVersion: 6
  m_Component:
  - component: {fileID: 858968928494360495}
  m_Layer: 0
  m_Name: mixamorig:LeftHand
  m_TagString: Untagged
  m_Icon: {fileID: 0}
  m_NavMeshLayer: 0
  m_StaticEditorFlags: 0
  m_IsActive: 1
--- !u!4 &858968928494360495
Transform:
  m_ObjectHideFlags: 0
  m_CorrespondingSourceObject: {fileID: 0}
  m_PrefabInstance: {fileID: 0}
  m_PrefabAsset: {fileID: 0}
  m_GameObject: {fileID: 858968928494717839}
  m_LocalRotation: {x: -0.26837334, y: 0.6849597, z: 0.12890755, w: 0.6649728}
  m_LocalPosition: {x: -0.00000008106232, y: 0.8543463, z: 0.0000002670288}
  m_LocalScale: {x: 1, y: 0.9999999, z: 0.9999999}
  m_Children:
  - {fileID: 858968928494360489}
  m_Father: {fileID: 858968928494360493}
  m_RootOrder: 0
  m_LocalEulerAnglesHint: {x: 5.1845956, y: 65.82762, z: 15.8726635}
--- !u!1 &858968928494717841
GameObject:
  m_ObjectHideFlags: 0
  m_CorrespondingSourceObject: {fileID: 0}
  m_PrefabInstance: {fileID: 0}
  m_PrefabAsset: {fileID: 0}
  serializedVersion: 6
  m_Component:
  - component: {fileID: 858968928494360497}
  m_Layer: 0
  m_Name: mixamorig:LeftArm
  m_TagString: Untagged
  m_Icon: {fileID: 0}
  m_NavMeshLayer: 0
  m_StaticEditorFlags: 0
  m_IsActive: 1
--- !u!4 &858968928494360497
Transform:
  m_ObjectHideFlags: 0
  m_CorrespondingSourceObject: {fileID: 0}
  m_PrefabInstance: {fileID: 0}
  m_PrefabAsset: {fileID: 0}
  m_GameObject: {fileID: 858968928494717841}
  m_LocalRotation: {x: 0.4272305, y: 0.2504907, z: -0.16197573, w: 0.8535177}
  m_LocalPosition: {x: 0.000000076293944, y: 1.9032195, z: 0.000000104904174}
  m_LocalScale: {x: 0.99999994, y: 1, z: 0.99999994}
  m_Children:
  - {fileID: 858968928494360493}
  m_Father: {fileID: 858968928494360477}
  m_RootOrder: 0
  m_LocalEulerAnglesHint: {x: 72.41453, y: 44.15197, z: 56.1625}
--- !u!1 &858968928494717843
GameObject:
  m_ObjectHideFlags: 0
  m_CorrespondingSourceObject: {fileID: 0}
  m_PrefabInstance: {fileID: 0}
  m_PrefabAsset: {fileID: 0}
  serializedVersion: 6
  m_Component:
  - component: {fileID: 858968928494360499}
  m_Layer: 0
  m_Name: mixamorig:LeftFoot
  m_TagString: Untagged
  m_Icon: {fileID: 0}
  m_NavMeshLayer: 0
  m_StaticEditorFlags: 0
  m_IsActive: 1
--- !u!4 &858968928494360499
Transform:
  m_ObjectHideFlags: 0
  m_CorrespondingSourceObject: {fileID: 0}
  m_PrefabInstance: {fileID: 0}
  m_PrefabAsset: {fileID: 0}
  m_GameObject: {fileID: 858968928494717843}
  m_LocalRotation: {x: 0.6770933, y: 0.2491973, z: 0.19924635, w: 0.6631337}
  m_LocalPosition: {x: 0.000000076293944, y: 0.7632774, z: 0.000000114440915}
  m_LocalScale: {x: 1, y: 0.99999994, z: 0.99999994}
  m_Children:
  - {fileID: 858968928494360475}
  m_Father: {fileID: 858968928494360483}
  m_RootOrder: 0
  m_LocalEulerAnglesHint: {x: 38.37021, y: 12.445994, z: -21.988739}
--- !u!1 &858968928494717845
GameObject:
  m_ObjectHideFlags: 0
  m_CorrespondingSourceObject: {fileID: 0}
  m_PrefabInstance: {fileID: 0}
  m_PrefabAsset: {fileID: 0}
  serializedVersion: 6
  m_Component:
  - component: {fileID: 858968928494360501}
  m_Layer: 0
  m_Name: mixamorig:HeadTop_End_end
  m_TagString: Untagged
  m_Icon: {fileID: 0}
  m_NavMeshLayer: 0
  m_StaticEditorFlags: 0
  m_IsActive: 1
--- !u!4 &858968928494360501
Transform:
  m_ObjectHideFlags: 0
  m_CorrespondingSourceObject: {fileID: 0}
  m_PrefabInstance: {fileID: 0}
  m_PrefabAsset: {fileID: 0}
  m_GameObject: {fileID: 858968928494717845}
  m_LocalRotation: {x: 0, y: -0, z: -0, w: 1}
  m_LocalPosition: {x: -0, y: 1.7912793, z: 0}
  m_LocalScale: {x: 1, y: 1, z: 1}
  m_Children: []
  m_Father: {fileID: 858968928494360507}
  m_RootOrder: 0
  m_LocalEulerAnglesHint: {x: 0, y: 0, z: 0}
--- !u!1 &858968928494717847
GameObject:
  m_ObjectHideFlags: 0
  m_CorrespondingSourceObject: {fileID: 0}
  m_PrefabInstance: {fileID: 0}
  m_PrefabAsset: {fileID: 0}
  serializedVersion: 6
  m_Component:
  - component: {fileID: 858968928494360503}
  m_Layer: 0
  m_Name: mixamorig:Hips
  m_TagString: Untagged
  m_Icon: {fileID: 0}
  m_NavMeshLayer: 0
  m_StaticEditorFlags: 0
  m_IsActive: 1
--- !u!4 &858968928494360503
Transform:
  m_ObjectHideFlags: 0
  m_CorrespondingSourceObject: {fileID: 0}
  m_PrefabInstance: {fileID: 0}
  m_PrefabAsset: {fileID: 0}
  m_GameObject: {fileID: 858968928494717847}
  m_LocalRotation: {x: 0.11578694, y: 0.16152589, z: 0.02817953, w: 0.9796472}
  m_LocalPosition: {x: 0.12206461, y: 1.7243712, z: -0.005545516}
  m_LocalScale: {x: 1, y: 1, z: 1}
  m_Children:
  - {fileID: 858968928494360469}
  - {fileID: 858968928494360565}
  - {fileID: 858968928494360567}
  m_Father: {fileID: 858968928494360509}
  m_RootOrder: 0
  m_LocalEulerAnglesHint: {x: -2.382166, y: 7.1034493, z: -3.3769155}
--- !u!1 &858968928494717849
GameObject:
  m_ObjectHideFlags: 0
  m_CorrespondingSourceObject: {fileID: 0}
  m_PrefabInstance: {fileID: 0}
  m_PrefabAsset: {fileID: 0}
  serializedVersion: 6
  m_Component:
  - component: {fileID: 858968928494360505}
  m_Layer: 0
  m_Name: mixamorig:Head
  m_TagString: Untagged
  m_Icon: {fileID: 0}
  m_NavMeshLayer: 0
  m_StaticEditorFlags: 0
  m_IsActive: 1
--- !u!4 &858968928494360505
Transform:
  m_ObjectHideFlags: 0
  m_CorrespondingSourceObject: {fileID: 0}
  m_PrefabInstance: {fileID: 0}
  m_PrefabAsset: {fileID: 0}
  m_GameObject: {fileID: 858968928494717849}
  m_LocalRotation: {x: -0.1798731, y: -0.10622289, z: 0.008328425, w: 0.97790235}
  m_LocalPosition: {x: -0.000000019073486, y: 0.46188587, z: -0.00024174213}
  m_LocalScale: {x: 1, y: 1, z: 1.0000001}
  m_Children:
  - {fileID: 858968928494360507}
  m_Father: {fileID: 858968928494360471}
  m_RootOrder: 0
  m_LocalEulerAnglesHint: {x: -7.4606557, y: -2.5670855, z: -0.39865938}
--- !u!1 &858968928494717851
GameObject:
  m_ObjectHideFlags: 0
  m_CorrespondingSourceObject: {fileID: 0}
  m_PrefabInstance: {fileID: 0}
  m_PrefabAsset: {fileID: 0}
  serializedVersion: 6
  m_Component:
  - component: {fileID: 858968928494360507}
  m_Layer: 0
  m_Name: mixamorig:HeadTop_End
  m_TagString: Untagged
  m_Icon: {fileID: 0}
  m_NavMeshLayer: 0
  m_StaticEditorFlags: 0
  m_IsActive: 1
--- !u!4 &858968928494360507
Transform:
  m_ObjectHideFlags: 0
  m_CorrespondingSourceObject: {fileID: 0}
  m_PrefabInstance: {fileID: 0}
  m_PrefabAsset: {fileID: 0}
  m_GameObject: {fileID: 858968928494717851}
  m_LocalRotation: {x: -4.474714e-10, y: -7.421477e-10, z: -0.0000000018626451, w: 1}
  m_LocalPosition: {x: 0.000000009536743, y: 1.7912791, z: -0.00093745947}
  m_LocalScale: {x: 1, y: 1, z: 1}
  m_Children:
  - {fileID: 858968928494360501}
  m_Father: {fileID: 858968928494360505}
  m_RootOrder: 0
  m_LocalEulerAnglesHint: {x: 0.00000029075738, y: 0.00000002859909, z: -0.00000019066061}
--- !u!1 &858968928494717853
GameObject:
  m_ObjectHideFlags: 0
  m_CorrespondingSourceObject: {fileID: 0}
  m_PrefabInstance: {fileID: 0}
  m_PrefabAsset: {fileID: 0}
  serializedVersion: 6
  m_Component:
  - component: {fileID: 858968928494360509}
  m_Layer: 0
  m_Name: Armature
  m_TagString: Untagged
  m_Icon: {fileID: 0}
  m_NavMeshLayer: 0
  m_StaticEditorFlags: 0
  m_IsActive: 1
--- !u!4 &858968928494360509
Transform:
  m_ObjectHideFlags: 0
  m_CorrespondingSourceObject: {fileID: 0}
  m_PrefabInstance: {fileID: 0}
  m_PrefabAsset: {fileID: 0}
  m_GameObject: {fileID: 858968928494717853}
  m_LocalRotation: {x: 0.000000081460335, y: -0, z: -0, w: 1}
  m_LocalPosition: {x: -0, y: 0, z: 0}
  m_LocalScale: {x: 1, y: 1, z: 1}
  m_Children:
  - {fileID: 858968928494360503}
  m_Father: {fileID: 858968928494360559}
  m_RootOrder: 0
  m_LocalEulerAnglesHint: {x: 0.00001102536, y: 0, z: 0}
--- !u!1 &858968928494717855
GameObject:
  m_ObjectHideFlags: 0
  m_CorrespondingSourceObject: {fileID: 0}
  m_PrefabInstance: {fileID: 0}
  m_PrefabAsset: {fileID: 0}
  serializedVersion: 6
  m_Component:
  - component: {fileID: 858968928494360511}
  - component: {fileID: 858968928508315293}
  m_Layer: 0
  m_Name: Cylinder.004
  m_TagString: Untagged
  m_Icon: {fileID: 0}
  m_NavMeshLayer: 0
  m_StaticEditorFlags: 0
  m_IsActive: 1
--- !u!4 &858968928494360511
Transform:
  m_ObjectHideFlags: 0
  m_CorrespondingSourceObject: {fileID: 0}
  m_PrefabInstance: {fileID: 0}
  m_PrefabAsset: {fileID: 0}
  m_GameObject: {fileID: 858968928494717855}
  m_LocalRotation: {x: -0.7071068, y: -6.0915534e-10, z: 0.0000000057112284, w: 0.7071067}
  m_LocalPosition: {x: 0.0000000050105156, y: 0.00000009968877, z: -0.0000000049173665}
  m_LocalScale: {x: 100, y: 100, z: 100}
  m_Children: []
  m_Father: {fileID: 858968928494360559}
  m_RootOrder: 1
  m_LocalEulerAnglesHint: {x: 0, y: 0, z: 0}
--- !u!137 &858968928508315293
SkinnedMeshRenderer:
  m_ObjectHideFlags: 0
  m_CorrespondingSourceObject: {fileID: 0}
  m_PrefabInstance: {fileID: 0}
  m_PrefabAsset: {fileID: 0}
  m_GameObject: {fileID: 858968928494717855}
  m_Enabled: 1
  m_CastShadows: 1
  m_ReceiveShadows: 1
  m_DynamicOccludee: 1
  m_MotionVectors: 1
  m_LightProbeUsage: 1
  m_ReflectionProbeUsage: 1
  m_RayTracingMode: 0
  m_RenderingLayerMask: 1
  m_RendererPriority: 0
  m_Materials:
  - {fileID: 2100000, guid: 34c57ce1c1dceab49961b877597d68ff, type: 2}
  m_StaticBatchInfo:
    firstSubMesh: 0
    subMeshCount: 0
  m_StaticBatchRoot: {fileID: 0}
  m_ProbeAnchor: {fileID: 0}
  m_LightProbeVolumeOverride: {fileID: 0}
  m_ScaleInLightmap: 1
  m_ReceiveGI: 1
  m_PreserveUVs: 0
  m_IgnoreNormalsForChartDetection: 0
  m_ImportantGI: 0
  m_StitchLightmapSeams: 1
  m_SelectedEditorRenderState: 3
  m_MinimumChartSize: 4
  m_AutoUVMaxDistance: 0.5
  m_AutoUVMaxAngle: 89
  m_LightmapParameters: {fileID: 0}
  m_SortingLayerID: 0
  m_SortingLayer: 0
  m_SortingOrder: 0
  serializedVersion: 2
  m_Quality: 0
  m_UpdateWhenOffscreen: 0
  m_SkinnedMotionVectors: 1
  m_Mesh: {fileID: 4300002, guid: 25e4786a4bcb36541a04105906a2c7a2, type: 3}
  m_Bones:
  - {fileID: 858968928494360503}
  - {fileID: 858968928494360567}
  - {fileID: 858968928494360561}
  - {fileID: 858968928494360563}
  - {fileID: 858968928494360471}
  - {fileID: 858968928494360505}
  - {fileID: 858968928494360507}
  - {fileID: 858968928494360477}
  - {fileID: 858968928494360497}
  - {fileID: 858968928494360493}
  - {fileID: 858968928494360495}
  - {fileID: 858968928494360489}
  - {fileID: 858968928494360491}
  - {fileID: 858968928494360485}
  - {fileID: 858968928494360487}
  - {fileID: 858968928494360573}
  - {fileID: 858968928494360465}
  - {fileID: 858968928494360461}
  - {fileID: 858968928494360463}
  - {fileID: 858968928494360457}
  - {fileID: 858968928494360459}
  - {fileID: 858968928494360453}
  - {fileID: 858968928494360455}
  - {fileID: 858968928494360469}
  - {fileID: 858968928494360483}
  - {fileID: 858968928494360499}
  - {fileID: 858968928494360475}
  - {fileID: 858968928494360479}
  - {fileID: 858968928494360565}
  - {fileID: 858968928494360451}
  - {fileID: 858968928494360467}
  - {fileID: 858968928494360571}
  - {fileID: 858968928494360575}
  m_BlendShapeWeights: []
  m_RootBone: {fileID: 858968928494360503}
  m_AABB:
    m_Center: {x: -0.06085825, y: 1.1110514, z: 0.61600053}
    m_Extent: {x: 4.011972, y: 3.7872915, z: 2.6572394}
  m_DirtyAABB: 0
--- !u!1 &858968928494717901
GameObject:
  m_ObjectHideFlags: 0
  m_CorrespondingSourceObject: {fileID: 0}
  m_PrefabInstance: {fileID: 0}
  m_PrefabAsset: {fileID: 0}
  serializedVersion: 6
  m_Component:
  - component: {fileID: 858968928494360557}
  - component: {fileID: 858968928508315295}
  m_Layer: 0
  m_Name: Plane.002
  m_TagString: Untagged
  m_Icon: {fileID: 0}
  m_NavMeshLayer: 0
  m_StaticEditorFlags: 0
  m_IsActive: 1
--- !u!4 &858968928494360557
Transform:
  m_ObjectHideFlags: 0
  m_CorrespondingSourceObject: {fileID: 0}
  m_PrefabInstance: {fileID: 0}
  m_PrefabAsset: {fileID: 0}
  m_GameObject: {fileID: 858968928494717901}
  m_LocalRotation: {x: -0.7071068, y: 0.0000000033702923, z: -5.121524e-12, w: 0.7071067}
  m_LocalPosition: {x: 0.0000001716613, y: 0.000000039297156, z: 0.12197363}
  m_LocalScale: {x: 100, y: 100, z: 100}
  m_Children: []
  m_Father: {fileID: 858968928494360559}
  m_RootOrder: 2
  m_LocalEulerAnglesHint: {x: 0, y: 0, z: 0}
--- !u!137 &858968928508315295
SkinnedMeshRenderer:
  m_ObjectHideFlags: 0
  m_CorrespondingSourceObject: {fileID: 0}
  m_PrefabInstance: {fileID: 0}
  m_PrefabAsset: {fileID: 0}
  m_GameObject: {fileID: 858968928494717901}
  m_Enabled: 1
  m_CastShadows: 1
  m_ReceiveShadows: 1
  m_DynamicOccludee: 1
  m_MotionVectors: 1
  m_LightProbeUsage: 1
  m_ReflectionProbeUsage: 1
  m_RayTracingMode: 0
  m_RenderingLayerMask: 1
  m_RendererPriority: 0
  m_Materials:
  - {fileID: 2100000, guid: 3be831ea823552347a77e4e8ae2bba05, type: 2}
  m_StaticBatchInfo:
    firstSubMesh: 0
    subMeshCount: 0
  m_StaticBatchRoot: {fileID: 0}
  m_ProbeAnchor: {fileID: 0}
  m_LightProbeVolumeOverride: {fileID: 0}
  m_ScaleInLightmap: 1
  m_ReceiveGI: 1
  m_PreserveUVs: 0
  m_IgnoreNormalsForChartDetection: 0
  m_ImportantGI: 0
  m_StitchLightmapSeams: 1
  m_SelectedEditorRenderState: 3
  m_MinimumChartSize: 4
  m_AutoUVMaxDistance: 0.5
  m_AutoUVMaxAngle: 89
  m_LightmapParameters: {fileID: 0}
  m_SortingLayerID: 0
  m_SortingLayer: 0
  m_SortingOrder: 0
  serializedVersion: 2
  m_Quality: 0
  m_UpdateWhenOffscreen: 0
  m_SkinnedMotionVectors: 1
  m_Mesh: {fileID: 4300000, guid: 25e4786a4bcb36541a04105906a2c7a2, type: 3}
  m_Bones:
  - {fileID: 858968928494360503}
  - {fileID: 858968928494360567}
  - {fileID: 858968928494360561}
  - {fileID: 858968928494360563}
  - {fileID: 858968928494360471}
  - {fileID: 858968928494360505}
  - {fileID: 858968928494360507}
  - {fileID: 858968928494360477}
  - {fileID: 858968928494360497}
  - {fileID: 858968928494360493}
  - {fileID: 858968928494360495}
  - {fileID: 858968928494360489}
  - {fileID: 858968928494360491}
  - {fileID: 858968928494360485}
  - {fileID: 858968928494360487}
  - {fileID: 858968928494360573}
  - {fileID: 858968928494360465}
  - {fileID: 858968928494360461}
  - {fileID: 858968928494360463}
  - {fileID: 858968928494360457}
  - {fileID: 858968928494360459}
  - {fileID: 858968928494360453}
  - {fileID: 858968928494360455}
  - {fileID: 858968928494360469}
  - {fileID: 858968928494360483}
  - {fileID: 858968928494360499}
  - {fileID: 858968928494360475}
  - {fileID: 858968928494360479}
  - {fileID: 858968928494360565}
  - {fileID: 858968928494360451}
  - {fileID: 858968928494360467}
  - {fileID: 858968928494360571}
  - {fileID: 858968928494360575}
  m_BlendShapeWeights: []
  m_RootBone: {fileID: 858968928494360503}
  m_AABB:
    m_Center: {x: -0.2838443, y: 1.7079455, z: 1.7582488}
    m_Extent: {x: 1.6017499, y: 1.8194941, z: 1.0671015}
  m_DirtyAABB: 0
--- !u!1 &858968928494717903
GameObject:
  m_ObjectHideFlags: 0
  m_CorrespondingSourceObject: {fileID: 0}
  m_PrefabInstance: {fileID: 0}
  m_PrefabAsset: {fileID: 0}
  serializedVersion: 6
  m_Component:
  - component: {fileID: 858968928494360559}
  - component: {fileID: 858968928504248413}
  - component: {fileID: 4009796512742691393}
  - component: {fileID: -1188586973511958287}
  - component: {fileID: 9019015404102829845}
  - component: {fileID: -5114646589573883748}
  m_Layer: 0
  m_Name: VirusKuning
  m_TagString: Enemy
  m_Icon: {fileID: 0}
  m_NavMeshLayer: 0
  m_StaticEditorFlags: 0
  m_IsActive: 1
--- !u!4 &858968928494360559
Transform:
  m_ObjectHideFlags: 0
  m_CorrespondingSourceObject: {fileID: 0}
  m_PrefabInstance: {fileID: 0}
  m_PrefabAsset: {fileID: 0}
  m_GameObject: {fileID: 858968928494717903}
  m_LocalRotation: {x: 0, y: 0, z: 0, w: 1}
  m_LocalPosition: {x: -4.78, y: 0.027, z: 0.97824}
  m_LocalScale: {x: 0.08964384, y: 0.08964384, z: 0.08964384}
  m_Children:
  - {fileID: 858968928494360509}
  - {fileID: 858968928494360511}
  - {fileID: 858968928494360557}
  m_Father: {fileID: 0}
  m_RootOrder: 0
  m_LocalEulerAnglesHint: {x: 0, y: 0, z: 0}
--- !u!95 &858968928504248413
Animator:
  serializedVersion: 3
  m_ObjectHideFlags: 0
  m_CorrespondingSourceObject: {fileID: 0}
  m_PrefabInstance: {fileID: 0}
  m_PrefabAsset: {fileID: 0}
  m_GameObject: {fileID: 858968928494717903}
  m_Enabled: 1
  m_Avatar: {fileID: 0}
  m_Controller: {fileID: 0}
  m_CullingMode: 1
  m_UpdateMode: 0
  m_ApplyRootMotion: 0
  m_LinearVelocityBlending: 0
  m_WarningMessage: 
  m_HasTransformHierarchy: 1
  m_AllowConstantClipSamplingOptimization: 1
  m_KeepAnimatorControllerStateOnDisable: 0
--- !u!195 &4009796512742691393
NavMeshAgent:
  m_ObjectHideFlags: 0
  m_CorrespondingSourceObject: {fileID: 0}
  m_PrefabInstance: {fileID: 0}
  m_PrefabAsset: {fileID: 0}
  m_GameObject: {fileID: 858968928494717903}
  m_Enabled: 1
  m_AgentTypeID: 0
  m_Radius: 0.5
  m_Speed: 3.5
  m_Acceleration: 8
  avoidancePriority: 50
  m_AngularSpeed: 120
  m_StoppingDistance: 1
  m_AutoTraverseOffMeshLink: 1
  m_AutoBraking: 1
  m_AutoRepath: 1
  m_Height: 2
  m_BaseOffset: 0.04
  m_WalkableMask: 4294967295
  m_ObstacleAvoidanceType: 4
--- !u!136 &-1188586973511958287
CapsuleCollider:
  m_ObjectHideFlags: 0
  m_CorrespondingSourceObject: {fileID: 0}
  m_PrefabInstance: {fileID: 0}
  m_PrefabAsset: {fileID: 0}
  m_GameObject: {fileID: 858968928494717903}
  m_Material: {fileID: 0}
  m_IsTrigger: 1
  m_Enabled: 1
  m_Radius: 4.203772
  m_Height: 8.407545
  m_Direction: 1
  m_Center: {x: 0, y: 4.36, z: 1.28}
--- !u!54 &9019015404102829845
Rigidbody:
  m_ObjectHideFlags: 0
  m_CorrespondingSourceObject: {fileID: 0}
  m_PrefabInstance: {fileID: 0}
  m_PrefabAsset: {fileID: 0}
  m_GameObject: {fileID: 858968928494717903}
  serializedVersion: 2
  m_Mass: 1
  m_Drag: 0
  m_AngularDrag: 0.05
  m_UseGravity: 1
  m_IsKinematic: 0
  m_Interpolate: 0
  m_Constraints: 0
  m_CollisionDetection: 0
--- !u!114 &-5114646589573883748
MonoBehaviour:
  m_ObjectHideFlags: 0
  m_CorrespondingSourceObject: {fileID: 0}
  m_PrefabInstance: {fileID: 0}
  m_PrefabAsset: {fileID: 0}
  m_GameObject: {fileID: 858968928494717903}
  m_Enabled: 1
  m_EditorHideFlags: 0
  m_Script: {fileID: 11500000, guid: 542368e14e901ad49bc465132a2a6896, type: 3}
  m_Name: 
  m_EditorClassIdentifier: 
  health: 5
  TS: {fileID: 0}
--- !u!1 &858968928494717905
GameObject:
  m_ObjectHideFlags: 0
  m_CorrespondingSourceObject: {fileID: 0}
  m_PrefabInstance: {fileID: 0}
  m_PrefabAsset: {fileID: 0}
  serializedVersion: 6
  m_Component:
  - component: {fileID: 858968928494360561}
  m_Layer: 0
  m_Name: mixamorig:Spine1
  m_TagString: Untagged
  m_Icon: {fileID: 0}
  m_NavMeshLayer: 0
  m_StaticEditorFlags: 0
  m_IsActive: 1
--- !u!4 &858968928494360561
Transform:
  m_ObjectHideFlags: 0
  m_CorrespondingSourceObject: {fileID: 0}
  m_PrefabInstance: {fileID: 0}
  m_PrefabAsset: {fileID: 0}
  m_GameObject: {fileID: 858968928494717905}
  m_LocalRotation: {x: 0.08048542, y: -0.0067834025, z: 0.008327453, w: 0.99669796}
  m_LocalPosition: {x: 0.000000038146972, y: 0.4228381, z: -0.0000000166893}
  m_LocalScale: {x: 1, y: 1, z: 0.99999994}
  m_Children:
  - {fileID: 858968928494360563}
  m_Father: {fileID: 858968928494360567}
  m_RootOrder: 0
  m_LocalEulerAnglesHint: {x: 0.5814558, y: -0.97037333, z: 1.9754509}
--- !u!1 &858968928494717907
GameObject:
  m_ObjectHideFlags: 0
  m_CorrespondingSourceObject: {fileID: 0}
  m_PrefabInstance: {fileID: 0}
  m_PrefabAsset: {fileID: 0}
  serializedVersion: 6
  m_Component:
  - component: {fileID: 858968928494360563}
  m_Layer: 0
  m_Name: mixamorig:Spine2
  m_TagString: Untagged
  m_Icon: {fileID: 0}
  m_NavMeshLayer: 0
  m_StaticEditorFlags: 0
  m_IsActive: 1
--- !u!4 &858968928494360563
Transform:
  m_ObjectHideFlags: 0
  m_CorrespondingSourceObject: {fileID: 0}
  m_PrefabInstance: {fileID: 0}
  m_PrefabAsset: {fileID: 0}
  m_GameObject: {fileID: 858968928494717907}
  m_LocalRotation: {x: 0.08035357, y: -0.007910879, z: 0.00870787, w: 0.996697}
  m_LocalPosition: {x: 0.000000009536743, y: 0.48324314, z: -0.0000001001358}
  m_LocalScale: {x: 0.99999994, y: 0.9999999, z: 1}
  m_Children:
  - {fileID: 858968928494360477}
  - {fileID: 858968928494360471}
  - {fileID: 858968928494360573}
  m_Father: {fileID: 858968928494360561}
  m_RootOrder: 0
  m_LocalEulerAnglesHint: {x: 0.5797113, y: -0.96684384, z: 1.9778979}
--- !u!1 &858968928494717909
GameObject:
  m_ObjectHideFlags: 0
  m_CorrespondingSourceObject: {fileID: 0}
  m_PrefabInstance: {fileID: 0}
  m_PrefabAsset: {fileID: 0}
  serializedVersion: 6
  m_Component:
  - component: {fileID: 858968928494360565}
  m_Layer: 0
  m_Name: mixamorig:RightUpLeg
  m_TagString: Untagged
  m_Icon: {fileID: 0}
  m_NavMeshLayer: 0
  m_StaticEditorFlags: 0
  m_IsActive: 1
--- !u!4 &858968928494360565
Transform:
  m_ObjectHideFlags: 0
  m_CorrespondingSourceObject: {fileID: 0}
  m_PrefabInstance: {fileID: 0}
  m_PrefabAsset: {fileID: 0}
  m_GameObject: {fileID: 858968928494717909}
  m_LocalRotation: {x: 0.08552613, y: 0.24244396, z: 0.9505491, w: -0.17424867}
  m_LocalPosition: {x: 1.3598574, y: -0.19541346, z: -0.021012267}
  m_LocalScale: {x: 0.9999885, y: 0.9999977, z: 0.99999994}
  m_Children:
  - {fileID: 858968928494360451}
  m_Father: {fileID: 858968928494360503}
  m_RootOrder: 1
  m_LocalEulerAnglesHint: {x: 49.644787, y: 20.221836, z: -169.36975}
--- !u!1 &858968928494717911
GameObject:
  m_ObjectHideFlags: 0
  m_CorrespondingSourceObject: {fileID: 0}
  m_PrefabInstance: {fileID: 0}
  m_PrefabAsset: {fileID: 0}
  serializedVersion: 6
  m_Component:
  - component: {fileID: 858968928494360567}
  m_Layer: 0
  m_Name: mixamorig:Spine
  m_TagString: Untagged
  m_Icon: {fileID: 0}
  m_NavMeshLayer: 0
  m_StaticEditorFlags: 0
  m_IsActive: 1
--- !u!4 &858968928494360567
Transform:
  m_ObjectHideFlags: 0
  m_CorrespondingSourceObject: {fileID: 0}
  m_PrefabInstance: {fileID: 0}
  m_PrefabAsset: {fileID: 0}
  m_GameObject: {fileID: 858968928494717911}
  m_LocalRotation: {x: 0.10459535, y: -0.007924852, z: 0.007930865, w: 0.9944517}
  m_LocalPosition: {x: 0.000000019073486, y: 0.36237976, z: -0.0061853644}
  m_LocalScale: {x: 1.0000001, y: 1.0000002, z: 1.0000001}
  m_Children:
  - {fileID: 858968928494360561}
  m_Father: {fileID: 858968928494360503}
  m_RootOrder: 2
  m_LocalEulerAnglesHint: {x: -0.73736066, y: -0.36708176, z: 1.1564294}
--- !u!1 &858968928494717913
GameObject:
  m_ObjectHideFlags: 0
  m_CorrespondingSourceObject: {fileID: 0}
  m_PrefabInstance: {fileID: 0}
  m_PrefabAsset: {fileID: 0}
  serializedVersion: 6
  m_Component:
  - component: {fileID: 858968928494360569}
  m_Layer: 0
  m_Name: mixamorig:RightToe_End_end
  m_TagString: Untagged
  m_Icon: {fileID: 0}
  m_NavMeshLayer: 0
  m_StaticEditorFlags: 0
  m_IsActive: 1
--- !u!4 &858968928494360569
Transform:
  m_ObjectHideFlags: 0
  m_CorrespondingSourceObject: {fileID: 0}
  m_PrefabInstance: {fileID: 0}
  m_PrefabAsset: {fileID: 0}
  m_GameObject: {fileID: 858968928494717913}
  m_LocalRotation: {x: 0, y: -0, z: -0, w: 1}
  m_LocalPosition: {x: -0, y: 0.20199914, z: 0}
  m_LocalScale: {x: 1, y: 1, z: 1}
  m_Children: []
  m_Father: {fileID: 858968928494360575}
  m_RootOrder: 0
  m_LocalEulerAnglesHint: {x: 0, y: 0, z: 0}
--- !u!1 &858968928494717915
GameObject:
  m_ObjectHideFlags: 0
  m_CorrespondingSourceObject: {fileID: 0}
  m_PrefabInstance: {fileID: 0}
  m_PrefabAsset: {fileID: 0}
  serializedVersion: 6
  m_Component:
  - component: {fileID: 858968928494360571}
  m_Layer: 0
  m_Name: mixamorig:RightToeBase
  m_TagString: Untagged
  m_Icon: {fileID: 0}
  m_NavMeshLayer: 0
  m_StaticEditorFlags: 0
  m_IsActive: 1
--- !u!4 &858968928494360571
Transform:
  m_ObjectHideFlags: 0
  m_CorrespondingSourceObject: {fileID: 0}
  m_PrefabInstance: {fileID: 0}
  m_PrefabAsset: {fileID: 0}
  m_GameObject: {fileID: 858968928494717915}
  m_LocalRotation: {x: 0.2802632, y: -0.14608262, z: 0.043199185, w: 0.94775856}
  m_LocalPosition: {x: 0.00000021100044, y: 0.42798015, z: 0.000000038146972}
  m_LocalScale: {x: 1.0000001, y: 0.99999994, z: 1}
  m_Children:
  - {fileID: 858968928494360575}
  m_Father: {fileID: 858968928494360467}
  m_RootOrder: 0
  m_LocalEulerAnglesHint: {x: 46.560005, y: -28.498371, z: -11.155869}
--- !u!1 &858968928494717917
GameObject:
  m_ObjectHideFlags: 0
  m_CorrespondingSourceObject: {fileID: 0}
  m_PrefabInstance: {fileID: 0}
  m_PrefabAsset: {fileID: 0}
  serializedVersion: 6
  m_Component:
  - component: {fileID: 858968928494360573}
  m_Layer: 0
  m_Name: mixamorig:RightShoulder
  m_TagString: Untagged
  m_Icon: {fileID: 0}
  m_NavMeshLayer: 0
  m_StaticEditorFlags: 0
  m_IsActive: 1
--- !u!4 &858968928494360573
Transform:
  m_ObjectHideFlags: 0
  m_CorrespondingSourceObject: {fileID: 0}
  m_PrefabInstance: {fileID: 0}
  m_PrefabAsset: {fileID: 0}
  m_GameObject: {fileID: 858968928494717917}
  m_LocalRotation: {x: 0.61373186, y: 0.4307051, z: -0.39849865, w: 0.52822834}
  m_LocalPosition: {x: 1.0095444, y: 0.6239005, z: 0.0003594589}
  m_LocalScale: {x: 1, y: 1.0000001, z: 1}
  m_Children:
  - {fileID: 858968928494360465}
  m_Father: {fileID: 858968928494360563}
  m_RootOrder: 2
  m_LocalEulerAnglesHint: {x: 86.89113, y: -125.29054, z: 151.49467}
--- !u!1 &858968928494717919
GameObject:
  m_ObjectHideFlags: 0
  m_CorrespondingSourceObject: {fileID: 0}
  m_PrefabInstance: {fileID: 0}
  m_PrefabAsset: {fileID: 0}
  serializedVersion: 6
  m_Component:
  - component: {fileID: 858968928494360575}
  m_Layer: 0
  m_Name: mixamorig:RightToe_End
  m_TagString: Untagged
  m_Icon: {fileID: 0}
  m_NavMeshLayer: 0
  m_StaticEditorFlags: 0
  m_IsActive: 1
--- !u!4 &858968928494360575
Transform:
  m_ObjectHideFlags: 0
  m_CorrespondingSourceObject: {fileID: 0}
  m_PrefabInstance: {fileID: 0}
  m_PrefabAsset: {fileID: 0}
  m_GameObject: {fileID: 858968928494717919}
  m_LocalRotation: {x: 0.000000008847566, y: -0.0000015920962, z: -0.000000017113052,
    w: 1}
  m_LocalPosition: {x: -0.00000006556511, y: 0.20199972, z: 0.000000023841856}
  m_LocalScale: {x: 1, y: 0.99999994, z: 0.9999998}
  m_Children:
  - {fileID: 858968928494360569}
  m_Father: {fileID: 858968928494360571}
  m_RootOrder: 0
  m_LocalEulerAnglesHint: {x: 0.00000032411327, y: -0.00018404135, z: -0.000010412969}
--- !u!1 &858968928494717921
GameObject:
  m_ObjectHideFlags: 0
  m_CorrespondingSourceObject: {fileID: 0}
  m_PrefabInstance: {fileID: 0}
  m_PrefabAsset: {fileID: 0}
  serializedVersion: 6
  m_Component:
  - component: {fileID: 858968928494360449}
  m_Layer: 0
  m_Name: mixamorig:RightHandIndex4_end
  m_TagString: Untagged
  m_Icon: {fileID: 0}
  m_NavMeshLayer: 0
  m_StaticEditorFlags: 0
  m_IsActive: 1
--- !u!4 &858968928494360449
Transform:
  m_ObjectHideFlags: 0
  m_CorrespondingSourceObject: {fileID: 0}
  m_PrefabInstance: {fileID: 0}
  m_PrefabAsset: {fileID: 0}
  m_GameObject: {fileID: 858968928494717921}
  m_LocalRotation: {x: 0, y: -0, z: -0, w: 1}
  m_LocalPosition: {x: -0, y: 0.14442557, z: 0}
  m_LocalScale: {x: 1, y: 1, z: 1}
  m_Children: []
  m_Father: {fileID: 858968928494360455}
  m_RootOrder: 0
  m_LocalEulerAnglesHint: {x: 0, y: 0, z: 0}
--- !u!1 &858968928494717923
GameObject:
  m_ObjectHideFlags: 0
  m_CorrespondingSourceObject: {fileID: 0}
  m_PrefabInstance: {fileID: 0}
  m_PrefabAsset: {fileID: 0}
  serializedVersion: 6
  m_Component:
  - component: {fileID: 858968928494360451}
  m_Layer: 0
  m_Name: mixamorig:RightLeg
  m_TagString: Untagged
  m_Icon: {fileID: 0}
  m_NavMeshLayer: 0
  m_StaticEditorFlags: 0
  m_IsActive: 1
--- !u!4 &858968928494360451
Transform:
  m_ObjectHideFlags: 0
  m_CorrespondingSourceObject: {fileID: 0}
  m_PrefabInstance: {fileID: 0}
  m_PrefabAsset: {fileID: 0}
  m_GameObject: {fileID: 858968928494717923}
  m_LocalRotation: {x: -0.50808895, y: 0.018949421, z: 0.0660071, w: 0.8585625}
  m_LocalPosition: {x: -0.000000076293944, y: 0.95738953, z: -0.000000019073486}
  m_LocalScale: {x: 0.99999994, y: 1.0000001, z: 1}
  m_Children:
  - {fileID: 858968928494360467}
  m_Father: {fileID: 858968928494360565}
  m_RootOrder: 0
  m_LocalEulerAnglesHint: {x: -8.176589, y: -3.319973, z: 4.0076}
--- !u!1 &858968928494717925
GameObject:
  m_ObjectHideFlags: 0
  m_CorrespondingSourceObject: {fileID: 0}
  m_PrefabInstance: {fileID: 0}
  m_PrefabAsset: {fileID: 0}
  serializedVersion: 6
  m_Component:
  - component: {fileID: 858968928494360453}
  m_Layer: 0
  m_Name: mixamorig:RightHandIndex3
  m_TagString: Untagged
  m_Icon: {fileID: 0}
  m_NavMeshLayer: 0
  m_StaticEditorFlags: 0
  m_IsActive: 1
--- !u!4 &858968928494360453
Transform:
  m_ObjectHideFlags: 0
  m_CorrespondingSourceObject: {fileID: 0}
  m_PrefabInstance: {fileID: 0}
  m_PrefabAsset: {fileID: 0}
  m_GameObject: {fileID: 858968928494717925}
  m_LocalRotation: {x: -0.07028542, y: 0.006002284, z: 0.02240819, w: 0.9972572}
  m_LocalPosition: {x: 0.010288086, y: 0.21850716, z: -0.05285285}
  m_LocalScale: {x: 1.0000001, y: 1, z: 1}
  m_Children:
  - {fileID: 858968928494360455}
  m_Father: {fileID: 858968928494360459}
  m_RootOrder: 0
  m_LocalEulerAnglesHint: {x: -14.374982, y: 2.5392349, z: 41.794266}
--- !u!1 &858968928494717927
GameObject:
  m_ObjectHideFlags: 0
  m_CorrespondingSourceObject: {fileID: 0}
  m_PrefabInstance: {fileID: 0}
  m_PrefabAsset: {fileID: 0}
  serializedVersion: 6
  m_Component:
  - component: {fileID: 858968928494360455}
  m_Layer: 0
  m_Name: mixamorig:RightHandIndex4
  m_TagString: Untagged
  m_Icon: {fileID: 0}
  m_NavMeshLayer: 0
  m_StaticEditorFlags: 0
  m_IsActive: 1
--- !u!4 &858968928494360455
Transform:
  m_ObjectHideFlags: 0
  m_CorrespondingSourceObject: {fileID: 0}
  m_PrefabInstance: {fileID: 0}
  m_PrefabAsset: {fileID: 0}
  m_GameObject: {fileID: 858968928494717927}
  m_LocalRotation: {x: 0.000000023748726, y: -0.00000007590279, z: -0.00000000745058,
    w: 1}
  m_LocalPosition: {x: 0.0019227599, y: 0.14359313, z: -0.015359842}
  m_LocalScale: {x: 1, y: 1, z: 1}
  m_Children:
  - {fileID: 858968928494360449}
  m_Father: {fileID: 858968928494360453}
  m_RootOrder: 0
  m_LocalEulerAnglesHint: {x: 0.000003412825, y: -0.000010227074, z: 0.00000087703853}
--- !u!1 &858968928494717929
GameObject:
  m_ObjectHideFlags: 0
  m_CorrespondingSourceObject: {fileID: 0}
  m_PrefabInstance: {fileID: 0}
  m_PrefabAsset: {fileID: 0}
  serializedVersion: 6
  m_Component:
  - component: {fileID: 858968928494360457}
  m_Layer: 0
  m_Name: mixamorig:RightHandIndex1
  m_TagString: Untagged
  m_Icon: {fileID: 0}
  m_NavMeshLayer: 0
  m_StaticEditorFlags: 0
  m_IsActive: 1
--- !u!4 &858968928494360457
Transform:
  m_ObjectHideFlags: 0
  m_CorrespondingSourceObject: {fileID: 0}
  m_PrefabInstance: {fileID: 0}
  m_PrefabAsset: {fileID: 0}
  m_GameObject: {fileID: 858968928494717929}
  m_LocalRotation: {x: 0.18034571, y: 0.98022544, z: 0.03744172, w: 0.07233026}
  m_LocalPosition: {x: 0.00000015258789, y: 0.11709513, z: -0.0000004005432}
  m_LocalScale: {x: 0.9999998, y: 1, z: 1.0000002}
  m_Children:
  - {fileID: 858968928494360459}
  m_Father: {fileID: 858968928494360463}
  m_RootOrder: 0
  m_LocalEulerAnglesHint: {x: -5.639315, y: 169.01634, z: 48.52052}
--- !u!1 &858968928494717931
GameObject:
  m_ObjectHideFlags: 0
  m_CorrespondingSourceObject: {fileID: 0}
  m_PrefabInstance: {fileID: 0}
  m_PrefabAsset: {fileID: 0}
  serializedVersion: 6
  m_Component:
  - component: {fileID: 858968928494360459}
  m_Layer: 0
  m_Name: mixamorig:RightHandIndex2
  m_TagString: Untagged
  m_Icon: {fileID: 0}
  m_NavMeshLayer: 0
  m_StaticEditorFlags: 0
  m_IsActive: 1
--- !u!4 &858968928494360459
Transform:
  m_ObjectHideFlags: 0
  m_CorrespondingSourceObject: {fileID: 0}
  m_PrefabInstance: {fileID: 0}
  m_PrefabAsset: {fileID: 0}
  m_GameObject: {fileID: 858968928494717931}
  m_LocalRotation: {x: 0.107646756, y: 0.009525608, z: 0.10089177, w: 0.9890108}
  m_LocalPosition: {x: 0.0000005340576, y: 0.14745827, z: 0.00000014781952}
  m_LocalScale: {x: 0.9999998, y: 0.99999976, z: 1}
  m_Children:
  - {fileID: 858968928494360453}
  m_Father: {fileID: 858968928494360457}
  m_RootOrder: 0
  m_LocalEulerAnglesHint: {x: -7.475309, y: 6.2703223, z: 90.29394}
--- !u!1 &858968928494717933
GameObject:
  m_ObjectHideFlags: 0
  m_CorrespondingSourceObject: {fileID: 0}
  m_PrefabInstance: {fileID: 0}
  m_PrefabAsset: {fileID: 0}
  serializedVersion: 6
  m_Component:
  - component: {fileID: 858968928494360461}
  m_Layer: 0
  m_Name: mixamorig:RightForeArm
  m_TagString: Untagged
  m_Icon: {fileID: 0}
  m_NavMeshLayer: 0
  m_StaticEditorFlags: 0
  m_IsActive: 1
--- !u!4 &858968928494360461
Transform:
  m_ObjectHideFlags: 0
  m_CorrespondingSourceObject: {fileID: 0}
  m_PrefabInstance: {fileID: 0}
  m_PrefabAsset: {fileID: 0}
  m_GameObject: {fileID: 858968928494717933}
  m_LocalRotation: {x: 0.013187073, y: -0.00007760323, z: 0.7514531, w: 0.65965474}
  m_LocalPosition: {x: -0.00000015258789, y: 0.853834, z: 0.000000057220458}
  m_LocalScale: {x: 1.0000001, y: 1.0000001, z: 1}
  m_Children:
  - {fileID: 858968928494360463}
  m_Father: {fileID: 858968928494360465}
  m_RootOrder: 0
  m_LocalEulerAnglesHint: {x: 0.09300209, y: -0.009486993, z: 5.2699246}
--- !u!1 &858968928494717935
GameObject:
  m_ObjectHideFlags: 0
  m_CorrespondingSourceObject: {fileID: 0}
  m_PrefabInstance: {fileID: 0}
  m_PrefabAsset: {fileID: 0}
  serializedVersion: 6
  m_Component:
  - component: {fileID: 858968928494360463}
  m_Layer: 0
  m_Name: mixamorig:RightHand
  m_TagString: Untagged
  m_Icon: {fileID: 0}
  m_NavMeshLayer: 0
  m_StaticEditorFlags: 0
  m_IsActive: 1
--- !u!4 &858968928494360463
Transform:
  m_ObjectHideFlags: 0
  m_CorrespondingSourceObject: {fileID: 0}
  m_PrefabInstance: {fileID: 0}
  m_PrefabAsset: {fileID: 0}
  m_GameObject: {fileID: 858968928494717935}
  m_LocalRotation: {x: -0.109394394, y: -0.36904195, z: 0.051175825, w: 0.9215324}
  m_LocalPosition: {x: 0.000000095367426, y: 0.85427547, z: 0}
  m_LocalScale: {x: 1, y: 1.0000002, z: 1}
  m_Children:
  - {fileID: 858968928494360457}
  m_Father: {fileID: 858968928494360461}
  m_RootOrder: 0
  m_LocalEulerAnglesHint: {x: 5.374858, y: -65.76529, z: -7.98987}
--- !u!1 &858968928494717937
GameObject:
  m_ObjectHideFlags: 0
  m_CorrespondingSourceObject: {fileID: 0}
  m_PrefabInstance: {fileID: 0}
  m_PrefabAsset: {fileID: 0}
  serializedVersion: 6
  m_Component:
  - component: {fileID: 858968928494360465}
  m_Layer: 0
  m_Name: mixamorig:RightArm
  m_TagString: Untagged
  m_Icon: {fileID: 0}
  m_NavMeshLayer: 0
  m_StaticEditorFlags: 0
  m_IsActive: 1
--- !u!4 &858968928494360465
Transform:
  m_ObjectHideFlags: 0
  m_CorrespondingSourceObject: {fileID: 0}
  m_PrefabInstance: {fileID: 0}
  m_PrefabAsset: {fileID: 0}
  m_GameObject: {fileID: 858968928494717937}
  m_LocalRotation: {x: 0.39025334, y: -0.07819922, z: 0.19335324, w: 0.896773}
  m_LocalPosition: {x: -0.000000038146972, y: 1.9032186, z: -0.000000114440915}
  m_LocalScale: {x: 0.9999999, y: 0.9999998, z: 0.99999994}
  m_Children:
  - {fileID: 858968928494360461}
  m_Father: {fileID: 858968928494360573}
  m_RootOrder: 0
  m_LocalEulerAnglesHint: {x: 68.41786, y: -41.78741, z: -33.947475}
--- !u!1 &858968928494717939
GameObject:
  m_ObjectHideFlags: 0
  m_CorrespondingSourceObject: {fileID: 0}
  m_PrefabInstance: {fileID: 0}
  m_PrefabAsset: {fileID: 0}
  serializedVersion: 6
  m_Component:
  - component: {fileID: 858968928494360467}
  m_Layer: 0
  m_Name: mixamorig:RightFoot
  m_TagString: Untagged
  m_Icon: {fileID: 0}
  m_NavMeshLayer: 0
  m_StaticEditorFlags: 0
  m_IsActive: 1
--- !u!4 &858968928494360467
Transform:
  m_ObjectHideFlags: 0
  m_CorrespondingSourceObject: {fileID: 0}
  m_PrefabInstance: {fileID: 0}
  m_PrefabAsset: {fileID: 0}
  m_GameObject: {fileID: 858968928494717939}
  m_LocalRotation: {x: 0.6811862, y: -0.24650817, z: -0.17942078, w: 0.66560304}
  m_LocalPosition: {x: -0.0000002670288, y: 0.76284343, z: 0.000000019073486}
  m_LocalScale: {x: 0.99999994, y: 1, z: 1}
  m_Children:
  - {fileID: 858968928494360571}
  m_Father: {fileID: 858968928494360451}
  m_RootOrder: 0
  m_LocalEulerAnglesHint: {x: 70.32065, y: -120.524895, z: -110.335495}
--- !u!1 &858968928494717941
GameObject:
  m_ObjectHideFlags: 0
  m_CorrespondingSourceObject: {fileID: 0}
  m_PrefabInstance: {fileID: 0}
  m_PrefabAsset: {fileID: 0}
  serializedVersion: 6
  m_Component:
  - component: {fileID: 858968928494360469}
  m_Layer: 0
  m_Name: mixamorig:LeftUpLeg
  m_TagString: Untagged
  m_Icon: {fileID: 0}
  m_NavMeshLayer: 0
  m_StaticEditorFlags: 0
  m_IsActive: 1
--- !u!4 &858968928494360469
Transform:
  m_ObjectHideFlags: 0
  m_CorrespondingSourceObject: {fileID: 0}
  m_PrefabInstance: {fileID: 0}
  m_PrefabAsset: {fileID: 0}
  m_GameObject: {fileID: 858968928494717941}
  m_LocalRotation: {x: -0.025070572, y: 0.46724638, z: 0.8341604, w: 0.29193985}
  m_LocalPosition: {x: -1.3598574, y: -0.19541349, z: 0.051997375}
  m_LocalScale: {x: 1.0000033, y: 1.0000004, z: 1.0000014}
  m_Children:
  - {fileID: 858968928494360483}
  m_Father: {fileID: 858968928494360503}
  m_RootOrder: 0
  m_LocalEulerAnglesHint: {x: -48.223896, y: -9.043091, z: -162.60037}
--- !u!1 &858968928494717943
GameObject:
  m_ObjectHideFlags: 0
  m_CorrespondingSourceObject: {fileID: 0}
  m_PrefabInstance: {fileID: 0}
  m_PrefabAsset: {fileID: 0}
  serializedVersion: 6
  m_Component:
  - component: {fileID: 858968928494360471}
  m_Layer: 0
  m_Name: mixamorig:Neck
  m_TagString: Untagged
  m_Icon: {fileID: 0}
  m_NavMeshLayer: 0
  m_StaticEditorFlags: 0
  m_IsActive: 1
--- !u!4 &858968928494360471
Transform:
  m_ObjectHideFlags: 0
  m_CorrespondingSourceObject: {fileID: 0}
  m_PrefabInstance: {fileID: 0}
  m_PrefabAsset: {fileID: 0}
  m_GameObject: {fileID: 858968928494717943}
  m_LocalRotation: {x: -0.048290048, y: -0.021524519, z: 0.000846833, w: 0.9986011}
  m_LocalPosition: {x: 0.000000038146972, y: 0.543649, z: 0.000000009536743}
  m_LocalScale: {x: 0.99999994, y: 1, z: 1.0000001}
  m_Children:
  - {fileID: 858968928494360505}
  m_Father: {fileID: 858968928494360563}
  m_RootOrder: 1
  m_LocalEulerAnglesHint: {x: 0.39216962, y: -0.63460165, z: 0.30791575}
--- !u!1 &858968928494717945
GameObject:
  m_ObjectHideFlags: 0
  m_CorrespondingSourceObject: {fileID: 0}
  m_PrefabInstance: {fileID: 0}
  m_PrefabAsset: {fileID: 0}
  serializedVersion: 6
  m_Component:
  - component: {fileID: 858968928494360473}
  m_Layer: 0
  m_Name: mixamorig:LeftToe_End_end
  m_TagString: Untagged
  m_Icon: {fileID: 0}
  m_NavMeshLayer: 0
  m_StaticEditorFlags: 0
  m_IsActive: 1
--- !u!4 &858968928494360473
Transform:
  m_ObjectHideFlags: 0
  m_CorrespondingSourceObject: {fileID: 0}
  m_PrefabInstance: {fileID: 0}
  m_PrefabAsset: {fileID: 0}
  m_GameObject: {fileID: 858968928494717945}
  m_LocalRotation: {x: 0, y: -0, z: -0, w: 1}
  m_LocalPosition: {x: -0, y: 0.19864213, z: 0}
  m_LocalScale: {x: 1, y: 1, z: 1}
  m_Children: []
  m_Father: {fileID: 858968928494360479}
  m_RootOrder: 0
  m_LocalEulerAnglesHint: {x: 0, y: 0, z: 0}
--- !u!1 &858968928494717947
GameObject:
  m_ObjectHideFlags: 0
  m_CorrespondingSourceObject: {fileID: 0}
  m_PrefabInstance: {fileID: 0}
  m_PrefabAsset: {fileID: 0}
  serializedVersion: 6
  m_Component:
  - component: {fileID: 858968928494360475}
  m_Layer: 0
  m_Name: mixamorig:LeftToeBase
  m_TagString: Untagged
  m_Icon: {fileID: 0}
  m_NavMeshLayer: 0
  m_StaticEditorFlags: 0
  m_IsActive: 1
--- !u!4 &858968928494360475
Transform:
  m_ObjectHideFlags: 0
  m_CorrespondingSourceObject: {fileID: 0}
  m_PrefabInstance: {fileID: 0}
  m_PrefabAsset: {fileID: 0}
  m_GameObject: {fileID: 858968928494717947}
  m_LocalRotation: {x: 0.28190914, y: 0.1479341, z: -0.044038426, w: 0.94694424}
  m_LocalPosition: {x: 0.000000058859584, y: 0.4265463, z: -0.00000006198883}
  m_LocalScale: {x: 0.99999994, y: 0.99999994, z: 0.9999998}
  m_Children:
  - {fileID: 858968928494360479}
  m_Father: {fileID: 858968928494360499}
  m_RootOrder: 0
  m_LocalEulerAnglesHint: {x: 32.98845, y: 17.732176, z: -0.09097776}
--- !u!1 &858968928494717949
GameObject:
  m_ObjectHideFlags: 0
  m_CorrespondingSourceObject: {fileID: 0}
  m_PrefabInstance: {fileID: 0}
  m_PrefabAsset: {fileID: 0}
  serializedVersion: 6
  m_Component:
  - component: {fileID: 858968928494360477}
  m_Layer: 0
  m_Name: mixamorig:LeftShoulder
  m_TagString: Untagged
  m_Icon: {fileID: 0}
  m_NavMeshLayer: 0
  m_StaticEditorFlags: 0
  m_IsActive: 1
--- !u!4 &858968928494360477
Transform:
  m_ObjectHideFlags: 0
  m_CorrespondingSourceObject: {fileID: 0}
  m_PrefabInstance: {fileID: 0}
  m_PrefabAsset: {fileID: 0}
  m_GameObject: {fileID: 858968928494717949}
  m_LocalRotation: {x: 0.5760119, y: -0.4471612, z: 0.44675052, w: 0.518335}
  m_LocalPosition: {x: -1.0095443, y: 0.62386835, z: 0.0023795508}
  m_LocalScale: {x: 0.9999998, y: 1.0000001, z: 1}
  m_Children:
  - {fileID: 858968928494360497}
  m_Father: {fileID: 858968928494360563}
  m_RootOrder: 0
  m_LocalEulerAnglesHint: {x: 86.84478, y: 109.45627, z: -165.31097}
--- !u!1 &858968928494717951
GameObject:
  m_ObjectHideFlags: 0
  m_CorrespondingSourceObject: {fileID: 0}
  m_PrefabInstance: {fileID: 0}
  m_PrefabAsset: {fileID: 0}
  serializedVersion: 6
  m_Component:
  - component: {fileID: 858968928494360479}
  m_Layer: 0
  m_Name: mixamorig:LeftToe_End
  m_TagString: Untagged
  m_Icon: {fileID: 0}
  m_NavMeshLayer: 0
  m_StaticEditorFlags: 0
  m_IsActive: 1
--- !u!4 &858968928494360479
Transform:
  m_ObjectHideFlags: 0
  m_CorrespondingSourceObject: {fileID: 0}
  m_PrefabInstance: {fileID: 0}
  m_PrefabAsset: {fileID: 0}
  m_GameObject: {fileID: 858968928494717951}
  m_LocalRotation: {x: -0.00000012968663, y: -0.0000011848751, z: 0.00000043638275,
    w: 1}
  m_LocalPosition: {x: 0.00000014305114, y: 0.19864199, z: 0.000000019073486}
  m_LocalScale: {x: 1, y: 1.0000002, z: 1.0000001}
  m_Children:
  - {fileID: 858968928494360473}
  m_Father: {fileID: 858968928494360475}
  m_RootOrder: 0
  m_LocalEulerAnglesHint: {x: -0.000014726622, y: -0.00013452285, z: 0.000047840687}
